<record xmlns="http://www.loc.gov/MARC21/slim" xmlns:xsi="http://www.w3.org/2001/XMLSchema-instance" xsi:schemaLocation="http://www.loc.gov/MARC21/slim http://www.loc.gov/standards/marcxml/schema/MARC21slim.xsd"><leader>00692nz   2200157n  4500</leader><controlfield tag="001">oca01658279 </controlfield><controlfield tag="005">19860827062426.2</controlfield><controlfield tag="008">860710n| acannaab|          |a aaa |||  </controlfield><datafield ind1=" " ind2=" " tag="010"><subfield code="a">n  86082820 </subfield></datafield><datafield ind1=" " ind2=" " tag="040"><subfield code="a">DLC</subfield><subfield code="c">DLC</subfield></datafield><datafield ind1="0" ind2=" " tag="100"><subfield code="a">Menander,</subfield><subfield code="c">Protector,</subfield><subfield code="d">fl. 6th cent.</subfield></datafield><datafield ind1="0" ind2=" " tag="400"><subfield code="a">Menandros,</subfield><subfield code="c">Protēktōr,</subfield><subfield code="d">fl. 6th cent.</subfield></datafield><datafield ind1="0" ind2=" " tag="400"><subfield code="a">Menander,</subfield><subfield code="c">the Guardsman,</subfield><subfield code="d">fl. 6th cent.</subfield></datafield><datafield ind1=" " ind2=" " tag="670"><subfield code="a">His The history of Menander the Guardsman, 1985:</subfield><subfield code="b">t.p. (Menander the Guardsman)</subfield></datafield><datafield ind1=" " ind2=" " tag="670"><subfield code="a">Encycl. Brit.</subfield><subfield code="b">(Menander Protector, fl. second half of 6th cent.; Byzantine historian; he wrote a history)</subfield></datafield><datafield ind1=" " ind2=" " tag="670"><subfield code="a">Papyros-Larous.</subfield><subfield code="b">(Menandros, Vyzantinos historikos; called Protēktōr, wrote Historikon syngramma)</subfield></datafield></record>